@article{li2024retrieval,
  title={Retrieval augmented generation or long-context llms? a comprehensive study and hybrid approach},
  author={Li, Zhuowan and Li, Cheng and Zhang, Mingyang and Mei, Qiaozhu and Bendersky, Michael},
  journal={arXiv preprint arXiv:2407.16833},
  year={2024}
}

@article{lewis2020retrieval,
  title={Retrieval-augmented generation for knowledge-intensive nlp tasks},
  author={Lewis, Patrick and Perez, Ethan and Piktus, Aleksandra and Petroni, Fabio and Karpukhin, Vladimir and Goyal, Naman and K{\"u}ttler, Heinrich and Lewis, Mike and Yih, Wen-tau and Rockt{\"a}schel, Tim and others},
  journal={Advances in Neural Information Processing Systems},
  volume={33},
  pages={9459--9474},
  year={2020}
}

@article{gao2023retrieval,
  title={Retrieval-augmented generation for large language models: A survey},
  author={Gao, Yunfan and Xiong, Yun and Gao, Xinyu and Jia, Kangxiang and Pan, Jinliu and Bi, Yuxi and Dai, Yi and Sun, Jiawei and Wang, Haofen},
  journal={arXiv preprint arXiv:2312.10997},
  year={2023}
}


@article{lee2024can,
  title={Can Long-Context Language Models Subsume Retrieval, RAG, SQL, and More?},
  author={Lee, Jinhyuk and Chen, Anthony and Dai, Zhuyun and Dua, Dheeru and Sachan, Devendra Singh and Boratko, Michael and Luan, Yi and Arnold, S{\'e}bastien MR and Perot, Vincent and Dalmia, Siddharth and others},
  journal={arXiv preprint arXiv:2406.13121},
  year={2024}
}

@inproceedings{colbert,
  title={Colbert: Efficient and effective passage search via contextualized late interaction over bert},
  author={Khattab, Omar and Zaharia, Matei},
  booktitle={Proceedings of the 43rd International ACM SIGIR conference on research and development in Information Retrieval},
  pages={39--48},
  year={2020}
}

@article{colpali,
  title={Colpali: Efficient document retrieval with vision language models},
  author={Faysse, Manuel and Sibille, Hugues and Wu, Tony and Omrani, Bilel and Viaud, Gautier and Hudelot, C{\'e}line and Colombo, Pierre},
  journal={arXiv preprint arXiv:2407.01449},
  year={2024}
}

@article{morris2024contextual,
  title={Contextual document embeddings},
  author={Morris, John X and Rush, Alexander M},
  journal={arXiv preprint arXiv:2410.02525},
  year={2024}
}
@inproceedings{splade,
  title={An efficiency study for SPLADE models},
  author={Lassance, Carlos and Clinchant, St{\'e}phane},
  booktitle={Proceedings of the 45th International ACM SIGIR Conference on Research and Development in Information Retrieval},
  pages={2220--2226},
  year={2022}
}
@article{smith2023hallucination,
  title={Hallucination or confabulation? neuroanatomy as metaphor in large language models},
  author={Smith, Andrew L and Greaves, Felix and Panch, Trishan},
  journal={PLOS Digital Health},
  volume={2},
  number={11},
  pages={e0000388},
  year={2023},
  publisher={Public Library of Science San Francisco, CA USA}
}